%% This BibTeX bibliography file was created using BibDesk.
%% http://bibdesk.sourceforge.net/

%% Created for Siddharth Mishra-Sharma at 2019-04-11 21:24:23 -0400 


%% Saved with string encoding Unicode (UTF-8) 



@article{2016MNRAS.457.1208H,
	Adsnote = {Provided by the SAO/NASA Astrophysics Data System},
	Adsurl = {https://ui.adsabs.harvard.edu/abs/2016MNRAS.457.1208H},
	Archiveprefix = {arXiv},
	Author = {{Han}, Jiaxin and {Cole}, Shaun and {Frenk}, Carlos S. and {Jing}, Yipeng},
	Date-Added = {2019-04-11 21:23:32 -0400},
	Date-Modified = {2019-04-11 21:23:32 -0400},
	Doi = {10.1093/mnras/stv2900},
	Eprint = {1509.02175},
	Journal = {\mnras},
	Keywords = {galaxies: haloes, dark matter, Astrophysics - Cosmology and Nongalactic Astrophysics, Astrophysics - Astrophysics of Galaxies},
	Month = {Apr},
	Pages = {1208-1223},
	Primaryclass = {astro-ph.CO},
	Title = {{A unified model for the spatial and mass distribution of subhaloes}},
	Volume = {457},
	Year = {2016},
	Bdsk-Url-1 = {https://doi.org/10.1093/mnras/stv2900}}

@article{2017MNRAS.469.1997D,
	Adsnote = {Provided by the SAO/NASA Astrophysics Data System},
	Adsurl = {https://ui.adsabs.harvard.edu/abs/2017MNRAS.469.1997D},
	Archiveprefix = {arXiv},
	Author = {{Despali}, Giulia and {Vegetti}, Simona},
	Date-Added = {2019-04-11 21:21:09 -0400},
	Date-Modified = {2019-04-11 21:21:09 -0400},
	Doi = {10.1093/mnras/stx966},
	Eprint = {1608.06938},
	Journal = {\mnras},
	Keywords = {methods: numerical, galaxies: haloes, cosmology: theory, dark matter, Astrophysics - Astrophysics of Galaxies, Astrophysics - Cosmology and Nongalactic Astrophysics},
	Month = {Aug},
	Pages = {1997-2010},
	Primaryclass = {astro-ph.GA},
	Title = {{The impact of baryonic physics on the subhalo mass function and implications for gravitational lensing}},
	Volume = {469},
	Year = {2017},
	Bdsk-Url-1 = {https://doi.org/10.1093/mnras/stx966}}

@article{2016JCAP...09..047H,
	Adsnote = {Provided by the SAO/NASA Astrophysics Data System},
	Adsurl = {https://ui.adsabs.harvard.edu/abs/2016JCAP...09..047H},
	Archiveprefix = {arXiv},
	Author = {{H{\"u}tten}, M. and {Combet}, C. and {Maier}, G. and {Maurin}, D.},
	Date-Added = {2019-04-11 21:12:43 -0400},
	Date-Modified = {2019-04-11 21:12:43 -0400},
	Doi = {10.1088/1475-7516/2016/09/047},
	Eid = {047},
	Eprint = {1606.04898},
	Journal = {Journal of Cosmology and Astro-Particle Physics},
	Keywords = {Astrophysics - High Energy Astrophysical Phenomena, Astrophysics - Cosmology and Nongalactic Astrophysics},
	Month = {Sep},
	Pages = {047},
	Primaryclass = {astro-ph.HE},
	Title = {{Dark matter substructure modelling and sensitivity of the Cherenkov Telescope Array to Galactic dark halos}},
	Volume = {2016},
	Year = {2016},
	Bdsk-Url-1 = {https://doi.org/10.1088/1475-7516/2016/09/047}}

@article{2014MNRAS.442.2271S,
	Adsnote = {Provided by the SAO/NASA Astrophysics Data System},
	Adsurl = {https://ui.adsabs.harvard.edu/abs/2014MNRAS.442.2271S},
	Archiveprefix = {arXiv},
	Author = {{S{\'a}nchez-Conde}, Miguel A. and {Prada}, Francisco},
	Date-Added = {2019-04-11 20:00:00 -0400},
	Date-Modified = {2019-04-11 20:00:00 -0400},
	Doi = {10.1093/mnras/stu1014},
	Eprint = {1312.1729},
	Journal = {\mnras},
	Keywords = {galaxies: haloes, cosmology: theory, dark matter, Astrophysics - Cosmology and Nongalactic Astrophysics},
	Month = {Aug},
	Pages = {2271-2277},
	Primaryclass = {astro-ph.CO},
	Title = {{The flattening of the concentration-mass relation towards low halo masses and its implications for the annihilation signal boost}},
	Volume = {442},
	Year = {2014},
	Bdsk-Url-1 = {https://doi.org/10.1093/mnras/stu1014}}

@article{2018ApJ...859...96Z,
	Adsnote = {Provided by the SAO/NASA Astrophysics Data System},
	Adsurl = {https://ui.adsabs.harvard.edu/abs/2018ApJ...859...96Z},
	Archiveprefix = {arXiv},
	Author = {{Zahid}, H. Jabran and {Sohn}, Jubee and {Geller}, Margaret J.},
	Date-Added = {2019-04-11 18:02:02 -0400},
	Date-Modified = {2019-04-11 18:02:02 -0400},
	Doi = {10.3847/1538-4357/aabe31},
	Eid = {96},
	Eprint = {1804.04492},
	Journal = {\apj},
	Keywords = {dark matter, galaxies: evolution, galaxies: formation, galaxies: kinematics and dynamics, Astrophysics - Astrophysics of Galaxies},
	Month = {Jun},
	Pages = {96},
	Primaryclass = {astro-ph.GA},
	Title = {{Stellar Velocity Dispersion: Linking Quiescent Galaxies to Their Dark Matter Halos}},
	Volume = {859},
	Year = {2018},
	Bdsk-Url-1 = {https://doi.org/10.3847/1538-4357/aabe31}}

@article{1997ApJ...490..493N,
	Adsnote = {Provided by the SAO/NASA Astrophysics Data System},
	Adsurl = {http://adsabs.harvard.edu/abs/1997ApJ...490..493N},
	Author = {{Navarro}, J.~F. and {Frenk}, C.~S. and {White}, S.~D.~M.},
	Date-Added = {2019-04-11 18:00:37 -0400},
	Date-Modified = {2019-04-11 18:00:37 -0400},
	Doi = {10.1086/304888},
	Eprint = {astro-ph/9611107},
	Journal = {\apj},
	Keywords = {Cosmology: Theory, Cosmology: Dark Matter, Galaxies: Halos, Methods: Numerical},
	Month = dec,
	Pages = {493-508},
	Title = {{A Universal Density Profile from Hierarchical Clustering}},
	Volume = 490,
	Year = 1997,
	Bdsk-Url-1 = {https://doi.org/10.1086/304888}}

@article{1996ApJ...462..563N,
	Adsnote = {Provided by the SAO/NASA Astrophysics Data System},
	Adsurl = {http://adsabs.harvard.edu/abs/1996ApJ...462..563N},
	Author = {{Navarro}, J.~F. and {Frenk}, C.~S. and {White}, S.~D.~M.},
	Date-Added = {2019-04-11 18:00:21 -0400},
	Date-Modified = {2019-04-11 18:00:21 -0400},
	Doi = {10.1086/177173},
	Eprint = {astro-ph/9508025},
	Journal = {\apj},
	Keywords = {COSMOLOGY: THEORY, COSMOLOGY: DARK MATTER, GALAXIES: HALOS, METHODS: NUMERICAL},
	Month = may,
	Pages = {563},
	Title = {{The Structure of Cold Dark Matter Halos}},
	Volume = 462,
	Year = 1996,
	Bdsk-Url-1 = {https://doi.org/10.1086/177173}}

@article{2001astro.ph..2341K,
	Adsnote = {Provided by the SAO/NASA Astrophysics Data System},
	Adsurl = {https://ui.adsabs.harvard.edu/abs/2001astro.ph..2341K},
	Archiveprefix = {arXiv},
	Author = {{Keeton}, Charles R.},
	Date-Added = {2019-04-11 17:54:27 -0400},
	Date-Modified = {2019-04-11 17:54:27 -0400},
	Eid = {astro-ph/0102341},
	Eprint = {astro-ph/0102341},
	Journal = {arXiv e-prints},
	Keywords = {Astrophysics},
	Month = {Feb},
	Pages = {astro-ph/0102341},
	Primaryclass = {astro-ph},
	Title = {{A Catalog of Mass Models for Gravitational Lensing}},
	Year = {2001}}

@article{2015ApJ...811...20C,
	Adsnote = {Provided by the SAO/NASA Astrophysics Data System},
	Adsurl = {http://adsabs.harvard.edu/abs/2015ApJ...811...20C},
	Archiveprefix = {arXiv},
	Author = {{Collett}, T.~E.},
	Date-Added = {2019-04-11 17:47:31 -0400},
	Date-Modified = {2019-04-11 17:47:31 -0400},
	Doi = {10.1088/0004-637X/811/1/20},
	Eid = {20},
	Eprint = {1507.02657},
	Journal = {\apj},
	Keywords = {gravitational lensing: strong},
	Month = sep,
	Pages = {20},
	Title = {{The Population of Galaxy-Galaxy Strong Lenses in Forthcoming Optical Imaging Surveys}},
	Volume = 811,
	Year = 2015,
	Bdsk-Url-1 = {https://doi.org/10.1088/0004-637X/811/1/20}}

@article{1999A&A...352..447C,
	Adsnote = {Provided by the SAO/NASA Astrophysics Data System},
	Adsurl = {http://adsabs.harvard.edu/abs/1999A%26A...352..447C},
	Author = {{Ciotti}, L. and {Bertin}, G.},
	Date-Added = {2019-04-10 11:14:48 -0400},
	Date-Modified = {2019-04-10 11:14:48 -0400},
	Eprint = {astro-ph/9911078},
	Journal = {\aap},
	Keywords = {GALAXIES: ELLIPTICAL AND LENTICULAR, CD, GALAXIES: FUNDAMENTAL PARAMETERS, GALAXIES: KINEMATICS AND DYNAMICS, GALAXIES: PHOTOMETRY},
	Month = dec,
	Pages = {447-451},
	Title = {{Analytical properties of the R$^{1/m}$ law}},
	Volume = 352,
	Year = 1999}

@article{2018arXiv180203609M,
	Adsnote = {Provided by the SAO/NASA Astrophysics Data System},
	Adsurl = {https://ui.adsabs.harvard.edu/abs/2018arXiv180203609M},
	Archiveprefix = {arXiv},
	Author = {{Metcalf}, R. Benton and {Meneghetti}, M. and {Avestruz}, Camille and {Bellagamba}, Fabio and {Bom}, Cl{\'e}cio R. and {Bertin}, Emmanuel and {Cabanac}, R{\'e}mi and {Courbin}, F. and {Davies}, Andrew and {Decenci{\`e}re}, Etienne and {Flamary}, R{\'e}mi and {Gavazzi}, Raphael and {Geiger}, Mario and {Hartley}, Philippa and {Huertas-Company}, Marc and {Jackson}, Neal and {Jullo}, Eric and {Kneib}, Jean-Paul and {Koopmans}, L{\'e}on V.~E. and {Lanusse}, Fran{\c{c}}ois and {Li}, Chun-Liang and {Ma}, Quanbin and {Makler}, Martin and {Li}, Nan and {Lightman}, Matthew and {Petrillo}, Carlo Enrico and {Serjeant}, Stephen and {Sch{\"a}fer}, Christoph and {Sonnenfeld}, Alessandro and {Tagore}, Amit and {Tortora}, Crescenzo and {Tuccillo}, Diego and {Valent{\'\i}n}, Manuel B. and {Velasco-Forero}, Santiago and {Kleijn}, Gijs A. Verdoes and {Vernardos}, Georgios},
	Date-Added = {2019-04-09 18:48:21 -0400},
	Date-Modified = {2019-04-09 18:48:21 -0400},
	Eid = {arXiv:1802.03609},
	Eprint = {1802.03609},
	Journal = {arXiv e-prints},
	Keywords = {Astrophysics - Astrophysics of Galaxies, Astrophysics - Cosmology and Nongalactic Astrophysics, Astrophysics - Instrumentation and Methods for Astrophysics},
	Month = {Feb},
	Pages = {arXiv:1802.03609},
	Primaryclass = {astro-ph.GA},
	Title = {{The Strong Gravitational Lens Finding Challenge}},
	Year = {2018}}
